%YAML 1.1
%TAG !u! tag:unity3d.com,2011:
--- !u!1 &6206551351902174321
GameObject:
  m_ObjectHideFlags: 0
  m_CorrespondingSourceObject: {fileID: 0}
  m_PrefabInstance: {fileID: 0}
  m_PrefabAsset: {fileID: 0}
  serializedVersion: 6
  m_Component:
  - component: {fileID: 1472977276784973067}
  - component: {fileID: -5788396332827021777}
  - component: {fileID: 2253145089043987321}
  - component: {fileID: 7514084226807362344}
  m_Layer: 8
  m_Name: SuperTechnological
  m_TagString: Untagged
  m_Icon: {fileID: 0}
  m_NavMeshLayer: 0
  m_StaticEditorFlags: 0
  m_IsActive: 1
--- !u!4 &1472977276784973067
Transform:
  m_ObjectHideFlags: 0
  m_CorrespondingSourceObject: {fileID: 0}
  m_PrefabInstance: {fileID: 0}
  m_PrefabAsset: {fileID: 0}
  m_GameObject: {fileID: 6206551351902174321}
  m_LocalRotation: {x: 0, y: 0, z: 0, w: 1}
  m_LocalPosition: {x: 0, y: 0, z: 0}
  m_LocalScale: {x: 1, y: 1, z: 1}
  m_Children:
  - {fileID: 1669167191627111584}
  m_Father: {fileID: 0}
  m_RootOrder: 0
  m_LocalEulerAnglesHint: {x: 0, y: 0, z: 0}
--- !u!114 &-5788396332827021777
MonoBehaviour:
  m_ObjectHideFlags: 0
  m_CorrespondingSourceObject: {fileID: 0}
  m_PrefabInstance: {fileID: 0}
  m_PrefabAsset: {fileID: 0}
  m_GameObject: {fileID: 6206551351902174321}
  m_Enabled: 1
  m_EditorHideFlags: 0
  m_Script: {fileID: 11500000, guid: 8776b66b6f7647efbe5187e244aa1b03, type: 3}
  m_Name: 
  m_EditorClassIdentifier: 
  waypoints: []
  positionAtStorage: {fileID: 0}
  positionAtPLayerStorage: {fileID: 0}
  isMovingToPlayer: 0
  isNeedToRemoveAfterMoving: 0
  targetScale: {x: 0, y: 0, z: 0}
  objectMovingSpeed: 3
  errorDelta: 0.05
--- !u!54 &2253145089043987321
Rigidbody:
  m_ObjectHideFlags: 0
  m_CorrespondingSourceObject: {fileID: 0}
  m_PrefabInstance: {fileID: 0}
  m_PrefabAsset: {fileID: 0}
  m_GameObject: {fileID: 6206551351902174321}
  serializedVersion: 2
  m_Mass: 1
  m_Drag: 0
  m_AngularDrag: 0.05
  m_UseGravity: 0
  m_IsKinematic: 1
  m_Interpolate: 2
  m_Constraints: 0
  m_CollisionDetection: 0
--- !u!136 &7514084226807362344
CapsuleCollider:
  m_ObjectHideFlags: 0
  m_CorrespondingSourceObject: {fileID: 0}
  m_PrefabInstance: {fileID: 0}
  m_PrefabAsset: {fileID: 0}
  m_GameObject: {fileID: 6206551351902174321}
  m_Material: {fileID: 0}
  m_IsTrigger: 0
  m_Enabled: 1
  m_Radius: 0.35025385
  m_Height: 1.0033557
  m_Direction: 1
  m_Center: {x: 0.004728824, y: -0.0016778708, z: -0.000000059604645}
--- !u!1001 &1667500963442659052
PrefabInstance:
  m_ObjectHideFlags: 0
  serializedVersion: 2
  m_Modification:
    m_TransformParent: {fileID: 1472977276784973067}
    m_Modifications:
    - target: {fileID: 1000011940937682, guid: 689bce6208bc9f441bfad84d4492dd5d, type: 3}
      propertyPath: m_Name
      value: Barrel_BoxGreyS
      objectReference: {fileID: 0}
    - target: {fileID: 1000011940937682, guid: 689bce6208bc9f441bfad84d4492dd5d, type: 3}
      propertyPath: m_Layer
      value: 8
      objectReference: {fileID: 0}
    - target: {fileID: 4000010604941900, guid: 689bce6208bc9f441bfad84d4492dd5d, type: 3}
      propertyPath: m_RootOrder
      value: 0
      objectReference: {fileID: 0}
    - target: {fileID: 4000010604941900, guid: 689bce6208bc9f441bfad84d4492dd5d, type: 3}
      propertyPath: m_LocalPosition.x
      value: 0
      objectReference: {fileID: 0}
    - target: {fileID: 4000010604941900, guid: 689bce6208bc9f441bfad84d4492dd5d, type: 3}
      propertyPath: m_LocalPosition.y
      value: 0
      objectReference: {fileID: 0}
    - target: {fileID: 4000010604941900, guid: 689bce6208bc9f441bfad84d4492dd5d, type: 3}
      propertyPath: m_LocalPosition.z
      value: 0
      objectReference: {fileID: 0}
    - target: {fileID: 4000010604941900, guid: 689bce6208bc9f441bfad84d4492dd5d, type: 3}
      propertyPath: m_LocalRotation.w
      value: 1
      objectReference: {fileID: 0}
    - target: {fileID: 4000010604941900, guid: 689bce6208bc9f441bfad84d4492dd5d, type: 3}
      propertyPath: m_LocalRotation.x
      value: 0.000000021855694
      objectReference: {fileID: 0}
    - target: {fileID: 4000010604941900, guid: 689bce6208bc9f441bfad84d4492dd5d, type: 3}
      propertyPath: m_LocalRotation.y
      value: -0
      objectReference: {fileID: 0}
    - target: {fileID: 4000010604941900, guid: 689bce6208bc9f441bfad84d4492dd5d, type: 3}
      propertyPath: m_LocalRotation.z
      value: -0
      objectReference: {fileID: 0}
    - target: {fileID: 4000010604941900, guid: 689bce6208bc9f441bfad84d4492dd5d, type: 3}
      propertyPath: m_LocalEulerAnglesHint.x
      value: 0
      objectReference: {fileID: 0}
    - target: {fileID: 4000010604941900, guid: 689bce6208bc9f441bfad84d4492dd5d, type: 3}
      propertyPath: m_LocalEulerAnglesHint.y
      value: 0
      objectReference: {fileID: 0}
    - target: {fileID: 4000010604941900, guid: 689bce6208bc9f441bfad84d4492dd5d, type: 3}
      propertyPath: m_LocalEulerAnglesHint.z
      value: 0
      objectReference: {fileID: 0}
    m_RemovedComponents: []
  m_SourcePrefab: {fileID: 100100000, guid: 689bce6208bc9f441bfad84d4492dd5d, type: 3}
--- !u!4 &1669167191627111584 stripped
Transform:
  m_CorrespondingSourceObject: {fileID: 4000010604941900, guid: 689bce6208bc9f441bfad84d4492dd5d,
    type: 3}
  m_PrefabInstance: {fileID: 1667500963442659052}
  m_PrefabAsset: {fileID: 0}
