%YAML 1.1
%TAG !u! tag:unity3d.com,2011:
--- !u!1 &3183475315223041542
GameObject:
  m_ObjectHideFlags: 0
  m_CorrespondingSourceObject: {fileID: 0}
  m_PrefabInstance: {fileID: 0}
  m_PrefabAsset: {fileID: 0}
  serializedVersion: 6
  m_Component:
  - component: {fileID: 331517428869859244}
  m_Layer: 0
  m_Name: Model
  m_TagString: Untagged
  m_Icon: {fileID: 0}
  m_NavMeshLayer: 0
  m_StaticEditorFlags: 0
  m_IsActive: 1
--- !u!4 &331517428869859244
Transform:
  m_ObjectHideFlags: 0
  m_CorrespondingSourceObject: {fileID: 0}
  m_PrefabInstance: {fileID: 0}
  m_PrefabAsset: {fileID: 0}
  m_GameObject: {fileID: 3183475315223041542}
  m_LocalRotation: {x: -0, y: -0, z: -0, w: 1}
  m_LocalPosition: {x: 8.830212, y: 4.5068817, z: -0.18392563}
  m_LocalScale: {x: 1, y: 1, z: 1}
  m_Children:
  - {fileID: 4649845176649489923}
  - {fileID: 6724542130525533579}
  - {fileID: 1107056890405036040}
  - {fileID: 5358309969066207900}
  m_Father: {fileID: 7409644873253784332}
  m_RootOrder: 3
  m_LocalEulerAnglesHint: {x: 0, y: 0, z: 0}
--- !u!1 &3676891234020758048
GameObject:
  m_ObjectHideFlags: 0
  m_CorrespondingSourceObject: {fileID: 0}
  m_PrefabInstance: {fileID: 0}
  m_PrefabAsset: {fileID: 0}
  serializedVersion: 6
  m_Component:
  - component: {fileID: 3676891234020758049}
  m_Layer: 0
  m_Name: spawnPoint
  m_TagString: Untagged
  m_Icon: {fileID: 0}
  m_NavMeshLayer: 0
  m_StaticEditorFlags: 0
  m_IsActive: 1
--- !u!4 &3676891234020758049
Transform:
  m_ObjectHideFlags: 0
  m_CorrespondingSourceObject: {fileID: 0}
  m_PrefabInstance: {fileID: 0}
  m_PrefabAsset: {fileID: 0}
  m_GameObject: {fileID: 3676891234020758048}
  m_LocalRotation: {x: 0, y: 0, z: 0, w: 1}
  m_LocalPosition: {x: 3.21, y: 2.69, z: -1.61}
  m_LocalScale: {x: 1, y: 1, z: 1}
  m_Children: []
  m_Father: {fileID: 7409644873253784332}
  m_RootOrder: 0
  m_LocalEulerAnglesHint: {x: 0, y: 0, z: 0}
--- !u!1 &3676891234328186338
GameObject:
  m_ObjectHideFlags: 0
  m_CorrespondingSourceObject: {fileID: 0}
  m_PrefabInstance: {fileID: 0}
  m_PrefabAsset: {fileID: 0}
  serializedVersion: 6
  m_Component:
  - component: {fileID: 3676891234328186339}
  m_Layer: 0
  m_Name: consumerPort
  m_TagString: Untagged
  m_Icon: {fileID: 0}
  m_NavMeshLayer: 0
  m_StaticEditorFlags: 0
  m_IsActive: 1
--- !u!4 &3676891234328186339
Transform:
  m_ObjectHideFlags: 0
  m_CorrespondingSourceObject: {fileID: 0}
  m_PrefabInstance: {fileID: 0}
  m_PrefabAsset: {fileID: 0}
  m_GameObject: {fileID: 3676891234328186338}
  m_LocalRotation: {x: 0, y: 0, z: 0, w: 1}
  m_LocalPosition: {x: 2.91, y: 1.03, z: 3.9}
  m_LocalScale: {x: 1, y: 1, z: 1}
  m_Children: []
  m_Father: {fileID: 7409644873253784332}
  m_RootOrder: 5
  m_LocalEulerAnglesHint: {x: 0, y: 0, z: 0}
--- !u!208 &2618148737424899758
NavMeshObstacle:
  m_ObjectHideFlags: 0
  m_CorrespondingSourceObject: {fileID: 0}
  m_PrefabInstance: {fileID: 0}
  m_PrefabAsset: {fileID: 0}
  m_GameObject: {fileID: 2200001253190513648}
  m_Enabled: 1
  serializedVersion: 3
  m_Shape: 1
  m_Extents: {x: 0.1, y: 0.080000006, z: 0.024}
  m_MoveThreshold: 0.1
  m_Carve: 0
  m_CarveOnlyStationary: 1
  m_Center: {x: 0, y: 0, z: 0.029000001}
  m_TimeToStationary: 0.5
--- !u!65 &8627970613629340705
BoxCollider:
  m_ObjectHideFlags: 0
  m_CorrespondingSourceObject: {fileID: 0}
  m_PrefabInstance: {fileID: 0}
  m_PrefabAsset: {fileID: 0}
  m_GameObject: {fileID: 5461812061379085497}
  m_Material: {fileID: 0}
  m_IsTrigger: 0
  m_Enabled: 1
  serializedVersion: 2
  m_Size: {x: 0.2055969, y: 0.19156803, z: 0.22658928}
  m_Center: {x: -0.00031006814, y: 0.0010834694, z: 0.10627697}
--- !u!1 &6276778302910967655
GameObject:
  m_ObjectHideFlags: 0
  m_CorrespondingSourceObject: {fileID: 0}
  m_PrefabInstance: {fileID: 0}
  m_PrefabAsset: {fileID: 0}
  serializedVersion: 6
  m_Component:
  - component: {fileID: 7409644873253784332}
  - component: {fileID: 3676891233390194580}
  - component: {fileID: 3676891233390194581}
  m_Layer: 0
  m_Name: SuperMetalForge
  m_TagString: Untagged
  m_Icon: {fileID: 0}
  m_NavMeshLayer: 0
  m_StaticEditorFlags: 0
  m_IsActive: 1
--- !u!4 &7409644873253784332
Transform:
  m_ObjectHideFlags: 0
  m_CorrespondingSourceObject: {fileID: 0}
  m_PrefabInstance: {fileID: 0}
  m_PrefabAsset: {fileID: 0}
  m_GameObject: {fileID: 6276778302910967655}
  m_LocalRotation: {x: 0, y: 0, z: 0, w: 1}
  m_LocalPosition: {x: 22.74, y: -0, z: -11.12}
  m_LocalScale: {x: 1, y: 1, z: 1}
  m_Children:
  - {fileID: 3676891234020758049}
  - {fileID: 4753938267020653950}
  - {fileID: 8201745225983008427}
  - {fileID: 331517428869859244}
  - {fileID: 1239521865062371388}
  - {fileID: 3676891234328186339}
  - {fileID: 9039863486270030443}
  m_Father: {fileID: 0}
  m_RootOrder: 0
  m_LocalEulerAnglesHint: {x: 0, y: 0, z: 0}
--- !u!114 &3676891233390194580
MonoBehaviour:
  m_ObjectHideFlags: 0
  m_CorrespondingSourceObject: {fileID: 0}
  m_PrefabInstance: {fileID: 0}
  m_PrefabAsset: {fileID: 0}
  m_GameObject: {fileID: 6276778302910967655}
  m_Enabled: 1
  m_EditorHideFlags: 0
  m_Script: {fileID: 11500000, guid: 90f0a9a28e58240ac95cc25893dccbf7, type: 3}
  m_Name: 
  m_EditorClassIdentifier: 
  timePerUnit: 0.6
  price: 3
  consumableResourceType: 080000000a000000
  storageInfoOut: {fileID: 3679779732482651086}
  storageInfoIn: {fileID: 232540477466908699}
  product: 0
  resourcePrefab: {fileID: 1419771331781783713, guid: b50e4fef0699242309a8248a02eee933,
    type: 3}
  spawnPointForResource: {fileID: 3676891234020758049}
  pointForConsumableResources: {fileID: 3676891234328186339}
  time: 0.3
--- !u!114 &3676891233390194581
MonoBehaviour:
  m_ObjectHideFlags: 0
  m_CorrespondingSourceObject: {fileID: 0}
  m_PrefabInstance: {fileID: 0}
  m_PrefabAsset: {fileID: 0}
  m_GameObject: {fileID: 6276778302910967655}
  m_Enabled: 1
  m_EditorHideFlags: 0
  m_Script: {fileID: 11500000, guid: c3bb4cd8cab5945f38ac4ae68b768cc5, type: 3}
  m_Name: 
  m_EditorClassIdentifier: 
  resourcesSource: {fileID: 232540477466908699}
  oilNeeded: 10
  fuelNeeded: 0
  simpleCircuitsNeeded: 0
  dronePartsNeeded: 0
  buildingPartsNeeded: 0
  superTechnologicalPartsNeeded: 0
  titaniumOreNeeded: 0
  titaniumIngotNeeded: 0
  concreteNeeded: 0
  martianRegoliteNeeded: 0
  superMetalNeeded: 0
  alienArtifactPartsNeeded: 0
  aliveMetalNeeded: 0
  alienArtifactsNeeded: 0
  alienCircuitsNeeded: 0
  builded: 0
  model: {fileID: 3183475315223041542}
  buildSpeed: 2
--- !u!1001 &755975959955263871
PrefabInstance:
  m_ObjectHideFlags: 0
  serializedVersion: 2
  m_Modification:
    m_TransformParent: {fileID: 7409644873253784332}
    m_Modifications:
    - target: {fileID: 668752059084753252, guid: ff44b642261c94ac79e9c728151fd97b,
        type: 3}
      propertyPath: getResources
      value: 1
      objectReference: {fileID: 0}
    - target: {fileID: 668752059084753252, guid: ff44b642261c94ac79e9c728151fd97b,
        type: 3}
      propertyPath: giveResources
      value: 0
      objectReference: {fileID: 0}
    - target: {fileID: 5949277441916192398, guid: ff44b642261c94ac79e9c728151fd97b,
        type: 3}
      propertyPath: m_Name
      value: UniversalStorageIn
      objectReference: {fileID: 0}
    - target: {fileID: 8912544452013674452, guid: ff44b642261c94ac79e9c728151fd97b,
        type: 3}
      propertyPath: m_RootOrder
      value: 2
      objectReference: {fileID: 0}
    - target: {fileID: 8912544452013674452, guid: ff44b642261c94ac79e9c728151fd97b,
        type: 3}
      propertyPath: m_LocalPosition.x
      value: -2.56
      objectReference: {fileID: 0}
    - target: {fileID: 8912544452013674452, guid: ff44b642261c94ac79e9c728151fd97b,
        type: 3}
      propertyPath: m_LocalPosition.y
      value: 0.04
      objectReference: {fileID: 0}
    - target: {fileID: 8912544452013674452, guid: ff44b642261c94ac79e9c728151fd97b,
        type: 3}
      propertyPath: m_LocalPosition.z
      value: 3.15
      objectReference: {fileID: 0}
    - target: {fileID: 8912544452013674452, guid: ff44b642261c94ac79e9c728151fd97b,
        type: 3}
      propertyPath: m_LocalRotation.w
      value: 1
      objectReference: {fileID: 0}
    - target: {fileID: 8912544452013674452, guid: ff44b642261c94ac79e9c728151fd97b,
        type: 3}
      propertyPath: m_LocalRotation.x
      value: 0
      objectReference: {fileID: 0}
    - target: {fileID: 8912544452013674452, guid: ff44b642261c94ac79e9c728151fd97b,
        type: 3}
      propertyPath: m_LocalRotation.y
      value: 0
      objectReference: {fileID: 0}
    - target: {fileID: 8912544452013674452, guid: ff44b642261c94ac79e9c728151fd97b,
        type: 3}
      propertyPath: m_LocalRotation.z
      value: 0
      objectReference: {fileID: 0}
    - target: {fileID: 8912544452013674452, guid: ff44b642261c94ac79e9c728151fd97b,
        type: 3}
      propertyPath: m_LocalEulerAnglesHint.x
      value: 0
      objectReference: {fileID: 0}
    - target: {fileID: 8912544452013674452, guid: ff44b642261c94ac79e9c728151fd97b,
        type: 3}
      propertyPath: m_LocalEulerAnglesHint.y
      value: 0
      objectReference: {fileID: 0}
    - target: {fileID: 8912544452013674452, guid: ff44b642261c94ac79e9c728151fd97b,
        type: 3}
      propertyPath: m_LocalEulerAnglesHint.z
      value: 0
      objectReference: {fileID: 0}
    m_RemovedComponents: []
  m_SourcePrefab: {fileID: 100100000, guid: ff44b642261c94ac79e9c728151fd97b, type: 3}
--- !u!114 &232540477466908699 stripped
MonoBehaviour:
  m_CorrespondingSourceObject: {fileID: 668752059084753252, guid: ff44b642261c94ac79e9c728151fd97b,
    type: 3}
  m_PrefabInstance: {fileID: 755975959955263871}
  m_PrefabAsset: {fileID: 0}
  m_GameObject: {fileID: 0}
  m_Enabled: 1
  m_EditorHideFlags: 0
  m_Script: {fileID: 11500000, guid: a20a61f2493448e49fc632573f506285, type: 3}
  m_Name: 
  m_EditorClassIdentifier: 
--- !u!4 &8201745225983008427 stripped
Transform:
  m_CorrespondingSourceObject: {fileID: 8912544452013674452, guid: ff44b642261c94ac79e9c728151fd97b,
    type: 3}
  m_PrefabInstance: {fileID: 755975959955263871}
  m_PrefabAsset: {fileID: 0}
--- !u!1001 &1104291883240434536
PrefabInstance:
  m_ObjectHideFlags: 0
  serializedVersion: 2
  m_Modification:
    m_TransformParent: {fileID: 331517428869859244}
    m_Modifications:
    - target: {fileID: 1000011432508632, guid: 54b675d5f2989b94e99fef50f523abc0, type: 3}
      propertyPath: m_Name
      value: TinyFire4 (1)
      objectReference: {fileID: 0}
    - target: {fileID: 4000013342018400, guid: 54b675d5f2989b94e99fef50f523abc0, type: 3}
      propertyPath: m_RootOrder
      value: 2
      objectReference: {fileID: 0}
    - target: {fileID: 4000013342018400, guid: 54b675d5f2989b94e99fef50f523abc0, type: 3}
      propertyPath: m_LocalPosition.x
      value: -2.7402115
      objectReference: {fileID: 0}
    - target: {fileID: 4000013342018400, guid: 54b675d5f2989b94e99fef50f523abc0, type: 3}
      propertyPath: m_LocalPosition.y
      value: 5.933118
      objectReference: {fileID: 0}
    - target: {fileID: 4000013342018400, guid: 54b675d5f2989b94e99fef50f523abc0, type: 3}
      propertyPath: m_LocalPosition.z
      value: 0.13392544
      objectReference: {fileID: 0}
    - target: {fileID: 4000013342018400, guid: 54b675d5f2989b94e99fef50f523abc0, type: 3}
      propertyPath: m_LocalRotation.w
      value: 1
      objectReference: {fileID: 0}
    - target: {fileID: 4000013342018400, guid: 54b675d5f2989b94e99fef50f523abc0, type: 3}
      propertyPath: m_LocalRotation.x
      value: -0
      objectReference: {fileID: 0}
    - target: {fileID: 4000013342018400, guid: 54b675d5f2989b94e99fef50f523abc0, type: 3}
      propertyPath: m_LocalRotation.y
      value: -0
      objectReference: {fileID: 0}
    - target: {fileID: 4000013342018400, guid: 54b675d5f2989b94e99fef50f523abc0, type: 3}
      propertyPath: m_LocalRotation.z
      value: -0
      objectReference: {fileID: 0}
    - target: {fileID: 4000013342018400, guid: 54b675d5f2989b94e99fef50f523abc0, type: 3}
      propertyPath: m_LocalEulerAnglesHint.x
      value: 0
      objectReference: {fileID: 0}
    - target: {fileID: 4000013342018400, guid: 54b675d5f2989b94e99fef50f523abc0, type: 3}
      propertyPath: m_LocalEulerAnglesHint.y
      value: 0
      objectReference: {fileID: 0}
    - target: {fileID: 4000013342018400, guid: 54b675d5f2989b94e99fef50f523abc0, type: 3}
      propertyPath: m_LocalEulerAnglesHint.z
      value: 0
      objectReference: {fileID: 0}
    - target: {fileID: 4000014140730872, guid: 54b675d5f2989b94e99fef50f523abc0, type: 3}
      propertyPath: m_LocalPosition.x
      value: 0
      objectReference: {fileID: 0}
    - target: {fileID: 4000014140730872, guid: 54b675d5f2989b94e99fef50f523abc0, type: 3}
      propertyPath: m_LocalPosition.y
      value: 0.25
      objectReference: {fileID: 0}
    - target: {fileID: 4000014140730872, guid: 54b675d5f2989b94e99fef50f523abc0, type: 3}
      propertyPath: m_LocalPosition.z
      value: 0
      objectReference: {fileID: 0}
    - target: {fileID: 198000011485904942, guid: 54b675d5f2989b94e99fef50f523abc0,
        type: 3}
      propertyPath: InitialModule.startSizeY.minMaxState
      value: 3
      objectReference: {fileID: 0}
    - target: {fileID: 198000011485904942, guid: 54b675d5f2989b94e99fef50f523abc0,
        type: 3}
      propertyPath: InitialModule.startSizeZ.minMaxState
      value: 3
      objectReference: {fileID: 0}
    - target: {fileID: 198000011485904942, guid: 54b675d5f2989b94e99fef50f523abc0,
        type: 3}
      propertyPath: InitialModule.startRotationX.minMaxState
      value: 3
      objectReference: {fileID: 0}
    - target: {fileID: 198000011485904942, guid: 54b675d5f2989b94e99fef50f523abc0,
        type: 3}
      propertyPath: InitialModule.startRotationY.minMaxState
      value: 3
      objectReference: {fileID: 0}
    - target: {fileID: 199000011211282688, guid: 54b675d5f2989b94e99fef50f523abc0,
        type: 3}
      propertyPath: m_Materials.Array.size
      value: 1
      objectReference: {fileID: 0}
    - target: {fileID: 199000012815543768, guid: 54b675d5f2989b94e99fef50f523abc0,
        type: 3}
      propertyPath: m_Materials.Array.size
      value: 1
      objectReference: {fileID: 0}
    m_RemovedComponents: []
  m_SourcePrefab: {fileID: 100100000, guid: 54b675d5f2989b94e99fef50f523abc0, type: 3}
--- !u!4 &1107056890405036040 stripped
Transform:
  m_CorrespondingSourceObject: {fileID: 4000013342018400, guid: 54b675d5f2989b94e99fef50f523abc0,
    type: 3}
  m_PrefabInstance: {fileID: 1104291883240434536}
  m_PrefabAsset: {fileID: 0}
--- !u!1001 &1618713825628108489
PrefabInstance:
  m_ObjectHideFlags: 0
  serializedVersion: 2
  m_Modification:
    m_TransformParent: {fileID: 7409644873253784332}
    m_Modifications:
    - target: {fileID: 523958197041293045, guid: a8ba0876470634b3eb58a61cb9fcb306,
        type: 3}
      propertyPath: m_RootOrder
      value: 4
      objectReference: {fileID: 0}
    - target: {fileID: 523958197041293045, guid: a8ba0876470634b3eb58a61cb9fcb306,
        type: 3}
      propertyPath: m_LocalPosition.x
      value: -2.0113564
      objectReference: {fileID: 0}
    - target: {fileID: 523958197041293045, guid: a8ba0876470634b3eb58a61cb9fcb306,
        type: 3}
      propertyPath: m_LocalPosition.y
      value: 6
      objectReference: {fileID: 0}
    - target: {fileID: 523958197041293045, guid: a8ba0876470634b3eb58a61cb9fcb306,
        type: 3}
      propertyPath: m_LocalPosition.z
      value: 3.6554756
      objectReference: {fileID: 0}
    - target: {fileID: 523958197041293045, guid: a8ba0876470634b3eb58a61cb9fcb306,
        type: 3}
      propertyPath: m_LocalRotation.w
      value: 1
      objectReference: {fileID: 0}
    - target: {fileID: 523958197041293045, guid: a8ba0876470634b3eb58a61cb9fcb306,
        type: 3}
      propertyPath: m_LocalRotation.x
      value: -0
      objectReference: {fileID: 0}
    - target: {fileID: 523958197041293045, guid: a8ba0876470634b3eb58a61cb9fcb306,
        type: 3}
      propertyPath: m_LocalRotation.y
      value: -0
      objectReference: {fileID: 0}
    - target: {fileID: 523958197041293045, guid: a8ba0876470634b3eb58a61cb9fcb306,
        type: 3}
      propertyPath: m_LocalRotation.z
      value: -0
      objectReference: {fileID: 0}
    - target: {fileID: 523958197041293045, guid: a8ba0876470634b3eb58a61cb9fcb306,
        type: 3}
      propertyPath: m_LocalEulerAnglesHint.x
      value: 0
      objectReference: {fileID: 0}
    - target: {fileID: 523958197041293045, guid: a8ba0876470634b3eb58a61cb9fcb306,
        type: 3}
      propertyPath: m_LocalEulerAnglesHint.y
      value: 0
      objectReference: {fileID: 0}
    - target: {fileID: 523958197041293045, guid: a8ba0876470634b3eb58a61cb9fcb306,
        type: 3}
      propertyPath: m_LocalEulerAnglesHint.z
      value: 0
      objectReference: {fileID: 0}
    - target: {fileID: 523958197041293046, guid: a8ba0876470634b3eb58a61cb9fcb306,
        type: 3}
      propertyPath: m_Name
      value: ResourceLabel
      objectReference: {fileID: 0}
    m_RemovedComponents: []
  m_SourcePrefab: {fileID: 100100000, guid: a8ba0876470634b3eb58a61cb9fcb306, type: 3}
--- !u!4 &1239521865062371388 stripped
Transform:
  m_CorrespondingSourceObject: {fileID: 523958197041293045, guid: a8ba0876470634b3eb58a61cb9fcb306,
    type: 3}
  m_PrefabInstance: {fileID: 1618713825628108489}
  m_PrefabAsset: {fileID: 0}
--- !u!1001 &4203783008974650026
PrefabInstance:
  m_ObjectHideFlags: 0
  serializedVersion: 2
  m_Modification:
    m_TransformParent: {fileID: 7409644873253784332}
    m_Modifications:
    - target: {fileID: 4368753293580541313, guid: ff44b642261c94ac79e9c728151fd97b,
        type: 3}
      propertyPath: m_Materials.Array.data[0]
      value: 
      objectReference: {fileID: 2100000, guid: fb3b71f4545763e4e860c46c93f5558f, type: 2}
    - target: {fileID: 5949277441916192398, guid: ff44b642261c94ac79e9c728151fd97b,
        type: 3}
      propertyPath: m_Name
      value: UniversalStorageOut
      objectReference: {fileID: 0}
    - target: {fileID: 8912544452013674452, guid: ff44b642261c94ac79e9c728151fd97b,
        type: 3}
      propertyPath: m_RootOrder
      value: 1
      objectReference: {fileID: 0}
    - target: {fileID: 8912544452013674452, guid: ff44b642261c94ac79e9c728151fd97b,
        type: 3}
      propertyPath: m_LocalPosition.x
      value: -2.56
      objectReference: {fileID: 0}
    - target: {fileID: 8912544452013674452, guid: ff44b642261c94ac79e9c728151fd97b,
        type: 3}
      propertyPath: m_LocalPosition.y
      value: 0.04
      objectReference: {fileID: 0}
    - target: {fileID: 8912544452013674452, guid: ff44b642261c94ac79e9c728151fd97b,
        type: 3}
      propertyPath: m_LocalPosition.z
      value: -3.32
      objectReference: {fileID: 0}
    - target: {fileID: 8912544452013674452, guid: ff44b642261c94ac79e9c728151fd97b,
        type: 3}
      propertyPath: m_LocalRotation.w
      value: 1
      objectReference: {fileID: 0}
    - target: {fileID: 8912544452013674452, guid: ff44b642261c94ac79e9c728151fd97b,
        type: 3}
      propertyPath: m_LocalRotation.x
      value: 0
      objectReference: {fileID: 0}
    - target: {fileID: 8912544452013674452, guid: ff44b642261c94ac79e9c728151fd97b,
        type: 3}
      propertyPath: m_LocalRotation.y
      value: 0
      objectReference: {fileID: 0}
    - target: {fileID: 8912544452013674452, guid: ff44b642261c94ac79e9c728151fd97b,
        type: 3}
      propertyPath: m_LocalRotation.z
      value: 0
      objectReference: {fileID: 0}
    - target: {fileID: 8912544452013674452, guid: ff44b642261c94ac79e9c728151fd97b,
        type: 3}
      propertyPath: m_LocalEulerAnglesHint.x
      value: 0
      objectReference: {fileID: 0}
    - target: {fileID: 8912544452013674452, guid: ff44b642261c94ac79e9c728151fd97b,
        type: 3}
      propertyPath: m_LocalEulerAnglesHint.y
      value: 0
      objectReference: {fileID: 0}
    - target: {fileID: 8912544452013674452, guid: ff44b642261c94ac79e9c728151fd97b,
        type: 3}
      propertyPath: m_LocalEulerAnglesHint.z
      value: 0
      objectReference: {fileID: 0}
    m_RemovedComponents: []
  m_SourcePrefab: {fileID: 100100000, guid: ff44b642261c94ac79e9c728151fd97b, type: 3}
--- !u!114 &3679779732482651086 stripped
MonoBehaviour:
  m_CorrespondingSourceObject: {fileID: 668752059084753252, guid: ff44b642261c94ac79e9c728151fd97b,
    type: 3}
  m_PrefabInstance: {fileID: 4203783008974650026}
  m_PrefabAsset: {fileID: 0}
  m_GameObject: {fileID: 0}
  m_Enabled: 1
  m_EditorHideFlags: 0
  m_Script: {fileID: 11500000, guid: a20a61f2493448e49fc632573f506285, type: 3}
  m_Name: 
  m_EditorClassIdentifier: 
--- !u!4 &4753938267020653950 stripped
Transform:
  m_CorrespondingSourceObject: {fileID: 8912544452013674452, guid: ff44b642261c94ac79e9c728151fd97b,
    type: 3}
  m_PrefabInstance: {fileID: 4203783008974650026}
  m_PrefabAsset: {fileID: 0}
--- !u!1001 &5119793363192445416
PrefabInstance:
  m_ObjectHideFlags: 0
  serializedVersion: 2
  m_Modification:
    m_TransformParent: {fileID: 331517428869859244}
    m_Modifications:
    - target: {fileID: -8679921383154817045, guid: b882949527f0a4723ac0f7fffe65a5cb,
        type: 3}
      propertyPath: m_RootOrder
      value: 0
      objectReference: {fileID: 0}
    - target: {fileID: -8679921383154817045, guid: b882949527f0a4723ac0f7fffe65a5cb,
        type: 3}
      propertyPath: m_LocalScale.x
      value: 50
      objectReference: {fileID: 0}
    - target: {fileID: -8679921383154817045, guid: b882949527f0a4723ac0f7fffe65a5cb,
        type: 3}
      propertyPath: m_LocalScale.y
      value: 50
      objectReference: {fileID: 0}
    - target: {fileID: -8679921383154817045, guid: b882949527f0a4723ac0f7fffe65a5cb,
        type: 3}
      propertyPath: m_LocalScale.z
      value: 50
      objectReference: {fileID: 0}
    - target: {fileID: -8679921383154817045, guid: b882949527f0a4723ac0f7fffe65a5cb,
        type: 3}
      propertyPath: m_LocalPosition.x
      value: -2.7402115
      objectReference: {fileID: 0}
    - target: {fileID: -8679921383154817045, guid: b882949527f0a4723ac0f7fffe65a5cb,
        type: 3}
      propertyPath: m_LocalPosition.y
      value: -4.5068817
      objectReference: {fileID: 0}
    - target: {fileID: -8679921383154817045, guid: b882949527f0a4723ac0f7fffe65a5cb,
        type: 3}
      propertyPath: m_LocalPosition.z
      value: 0.18392563
      objectReference: {fileID: 0}
    - target: {fileID: -8679921383154817045, guid: b882949527f0a4723ac0f7fffe65a5cb,
        type: 3}
      propertyPath: m_LocalRotation.w
      value: 0.50008726
      objectReference: {fileID: 0}
    - target: {fileID: -8679921383154817045, guid: b882949527f0a4723ac0f7fffe65a5cb,
        type: 3}
      propertyPath: m_LocalRotation.x
      value: -0.49991274
      objectReference: {fileID: 0}
    - target: {fileID: -8679921383154817045, guid: b882949527f0a4723ac0f7fffe65a5cb,
        type: 3}
      propertyPath: m_LocalRotation.y
      value: 0.50008726
      objectReference: {fileID: 0}
    - target: {fileID: -8679921383154817045, guid: b882949527f0a4723ac0f7fffe65a5cb,
        type: 3}
      propertyPath: m_LocalRotation.z
      value: 0.49991274
      objectReference: {fileID: 0}
    - target: {fileID: -8679921383154817045, guid: b882949527f0a4723ac0f7fffe65a5cb,
        type: 3}
      propertyPath: m_LocalEulerAnglesHint.x
      value: -89.98
      objectReference: {fileID: 0}
    - target: {fileID: -8679921383154817045, guid: b882949527f0a4723ac0f7fffe65a5cb,
        type: 3}
      propertyPath: m_LocalEulerAnglesHint.y
      value: 90
      objectReference: {fileID: 0}
    - target: {fileID: -8679921383154817045, guid: b882949527f0a4723ac0f7fffe65a5cb,
        type: 3}
      propertyPath: m_LocalEulerAnglesHint.z
      value: 0
      objectReference: {fileID: 0}
    - target: {fileID: 919132149155446097, guid: b882949527f0a4723ac0f7fffe65a5cb,
        type: 3}
      propertyPath: m_Name
      value: Smeltery
      objectReference: {fileID: 0}
    m_RemovedComponents: []
  m_SourcePrefab: {fileID: 100100000, guid: b882949527f0a4723ac0f7fffe65a5cb, type: 3}
--- !u!1 &5461812061379085497 stripped
GameObject:
  m_CorrespondingSourceObject: {fileID: 919132149155446097, guid: b882949527f0a4723ac0f7fffe65a5cb,
    type: 3}
  m_PrefabInstance: {fileID: 5119793363192445416}
  m_PrefabAsset: {fileID: 0}
--- !u!4 &4649845176649489923 stripped
Transform:
  m_CorrespondingSourceObject: {fileID: -8679921383154817045, guid: b882949527f0a4723ac0f7fffe65a5cb,
    type: 3}
  m_PrefabInstance: {fileID: 5119793363192445416}
  m_PrefabAsset: {fileID: 0}
--- !u!1 &2200001253190513648 stripped
GameObject:
  m_CorrespondingSourceObject: {fileID: 6452199815146719768, guid: b882949527f0a4723ac0f7fffe65a5cb,
    type: 3}
  m_PrefabInstance: {fileID: 5119793363192445416}
  m_PrefabAsset: {fileID: 0}
--- !u!1001 &5355553443257328124
PrefabInstance:
  m_ObjectHideFlags: 0
  serializedVersion: 2
  m_Modification:
    m_TransformParent: {fileID: 331517428869859244}
    m_Modifications:
    - target: {fileID: 1000011432508632, guid: 54b675d5f2989b94e99fef50f523abc0, type: 3}
      propertyPath: m_Name
      value: TinyFire4 (2)
      objectReference: {fileID: 0}
    - target: {fileID: 4000013342018400, guid: 54b675d5f2989b94e99fef50f523abc0, type: 3}
      propertyPath: m_RootOrder
      value: 3
      objectReference: {fileID: 0}
    - target: {fileID: 4000013342018400, guid: 54b675d5f2989b94e99fef50f523abc0, type: 3}
      propertyPath: m_LocalPosition.x
      value: -1.720211
      objectReference: {fileID: 0}
    - target: {fileID: 4000013342018400, guid: 54b675d5f2989b94e99fef50f523abc0, type: 3}
      propertyPath: m_LocalPosition.y
      value: 5.603118
      objectReference: {fileID: 0}
    - target: {fileID: 4000013342018400, guid: 54b675d5f2989b94e99fef50f523abc0, type: 3}
      propertyPath: m_LocalPosition.z
      value: 0.13392544
      objectReference: {fileID: 0}
    - target: {fileID: 4000013342018400, guid: 54b675d5f2989b94e99fef50f523abc0, type: 3}
      propertyPath: m_LocalRotation.w
      value: 1
      objectReference: {fileID: 0}
    - target: {fileID: 4000013342018400, guid: 54b675d5f2989b94e99fef50f523abc0, type: 3}
      propertyPath: m_LocalRotation.x
      value: -0
      objectReference: {fileID: 0}
    - target: {fileID: 4000013342018400, guid: 54b675d5f2989b94e99fef50f523abc0, type: 3}
      propertyPath: m_LocalRotation.y
      value: -0
      objectReference: {fileID: 0}
    - target: {fileID: 4000013342018400, guid: 54b675d5f2989b94e99fef50f523abc0, type: 3}
      propertyPath: m_LocalRotation.z
      value: -0
      objectReference: {fileID: 0}
    - target: {fileID: 4000013342018400, guid: 54b675d5f2989b94e99fef50f523abc0, type: 3}
      propertyPath: m_LocalEulerAnglesHint.x
      value: 0
      objectReference: {fileID: 0}
    - target: {fileID: 4000013342018400, guid: 54b675d5f2989b94e99fef50f523abc0, type: 3}
      propertyPath: m_LocalEulerAnglesHint.y
      value: 0
      objectReference: {fileID: 0}
    - target: {fileID: 4000013342018400, guid: 54b675d5f2989b94e99fef50f523abc0, type: 3}
      propertyPath: m_LocalEulerAnglesHint.z
      value: 0
      objectReference: {fileID: 0}
    - target: {fileID: 4000014140730872, guid: 54b675d5f2989b94e99fef50f523abc0, type: 3}
      propertyPath: m_LocalPosition.x
      value: 0
      objectReference: {fileID: 0}
    - target: {fileID: 4000014140730872, guid: 54b675d5f2989b94e99fef50f523abc0, type: 3}
      propertyPath: m_LocalPosition.y
      value: 0.25
      objectReference: {fileID: 0}
    - target: {fileID: 4000014140730872, guid: 54b675d5f2989b94e99fef50f523abc0, type: 3}
      propertyPath: m_LocalPosition.z
      value: 0
      objectReference: {fileID: 0}
    - target: {fileID: 198000011485904942, guid: 54b675d5f2989b94e99fef50f523abc0,
        type: 3}
      propertyPath: InitialModule.startSizeY.minMaxState
      value: 3
      objectReference: {fileID: 0}
    - target: {fileID: 198000011485904942, guid: 54b675d5f2989b94e99fef50f523abc0,
        type: 3}
      propertyPath: InitialModule.startSizeZ.minMaxState
      value: 3
      objectReference: {fileID: 0}
    - target: {fileID: 198000011485904942, guid: 54b675d5f2989b94e99fef50f523abc0,
        type: 3}
      propertyPath: InitialModule.startRotationX.minMaxState
      value: 3
      objectReference: {fileID: 0}
    - target: {fileID: 198000011485904942, guid: 54b675d5f2989b94e99fef50f523abc0,
        type: 3}
      propertyPath: InitialModule.startRotationY.minMaxState
      value: 3
      objectReference: {fileID: 0}
    - target: {fileID: 199000011211282688, guid: 54b675d5f2989b94e99fef50f523abc0,
        type: 3}
      propertyPath: m_Materials.Array.size
      value: 1
      objectReference: {fileID: 0}
    - target: {fileID: 199000012815543768, guid: 54b675d5f2989b94e99fef50f523abc0,
        type: 3}
      propertyPath: m_Materials.Array.size
      value: 1
      objectReference: {fileID: 0}
    m_RemovedComponents: []
  m_SourcePrefab: {fileID: 100100000, guid: 54b675d5f2989b94e99fef50f523abc0, type: 3}
--- !u!4 &5358309969066207900 stripped
Transform:
  m_CorrespondingSourceObject: {fileID: 4000013342018400, guid: 54b675d5f2989b94e99fef50f523abc0,
    type: 3}
  m_PrefabInstance: {fileID: 5355553443257328124}
  m_PrefabAsset: {fileID: 0}
--- !u!1001 &6727369097900097259
PrefabInstance:
  m_ObjectHideFlags: 0
  serializedVersion: 2
  m_Modification:
    m_TransformParent: {fileID: 331517428869859244}
    m_Modifications:
    - target: {fileID: 1000011432508632, guid: 54b675d5f2989b94e99fef50f523abc0, type: 3}
      propertyPath: m_Name
      value: TinyFire4
      objectReference: {fileID: 0}
    - target: {fileID: 4000013342018400, guid: 54b675d5f2989b94e99fef50f523abc0, type: 3}
      propertyPath: m_RootOrder
      value: 1
      objectReference: {fileID: 0}
    - target: {fileID: 4000013342018400, guid: 54b675d5f2989b94e99fef50f523abc0, type: 3}
      propertyPath: m_LocalPosition.x
      value: -4.9002113
      objectReference: {fileID: 0}
    - target: {fileID: 4000013342018400, guid: 54b675d5f2989b94e99fef50f523abc0, type: 3}
      propertyPath: m_LocalPosition.y
      value: 4.24868
      objectReference: {fileID: 0}
    - target: {fileID: 4000013342018400, guid: 54b675d5f2989b94e99fef50f523abc0, type: 3}
      propertyPath: m_LocalPosition.z
      value: 3.999712
      objectReference: {fileID: 0}
    - target: {fileID: 4000013342018400, guid: 54b675d5f2989b94e99fef50f523abc0, type: 3}
      propertyPath: m_LocalRotation.w
      value: 1
      objectReference: {fileID: 0}
    - target: {fileID: 4000013342018400, guid: 54b675d5f2989b94e99fef50f523abc0, type: 3}
      propertyPath: m_LocalRotation.x
      value: -0
      objectReference: {fileID: 0}
    - target: {fileID: 4000013342018400, guid: 54b675d5f2989b94e99fef50f523abc0, type: 3}
      propertyPath: m_LocalRotation.y
      value: -0
      objectReference: {fileID: 0}
    - target: {fileID: 4000013342018400, guid: 54b675d5f2989b94e99fef50f523abc0, type: 3}
      propertyPath: m_LocalRotation.z
      value: -0
      objectReference: {fileID: 0}
    - target: {fileID: 4000013342018400, guid: 54b675d5f2989b94e99fef50f523abc0, type: 3}
      propertyPath: m_LocalEulerAnglesHint.x
      value: 0
      objectReference: {fileID: 0}
    - target: {fileID: 4000013342018400, guid: 54b675d5f2989b94e99fef50f523abc0, type: 3}
      propertyPath: m_LocalEulerAnglesHint.y
      value: 0
      objectReference: {fileID: 0}
    - target: {fileID: 4000013342018400, guid: 54b675d5f2989b94e99fef50f523abc0, type: 3}
      propertyPath: m_LocalEulerAnglesHint.z
      value: 0
      objectReference: {fileID: 0}
    - target: {fileID: 4000014140730872, guid: 54b675d5f2989b94e99fef50f523abc0, type: 3}
      propertyPath: m_LocalPosition.x
      value: 1.12
      objectReference: {fileID: 0}
    - target: {fileID: 4000014140730872, guid: 54b675d5f2989b94e99fef50f523abc0, type: 3}
      propertyPath: m_LocalPosition.y
      value: 2.28
      objectReference: {fileID: 0}
    - target: {fileID: 4000014140730872, guid: 54b675d5f2989b94e99fef50f523abc0, type: 3}
      propertyPath: m_LocalPosition.z
      value: -3.76
      objectReference: {fileID: 0}
    - target: {fileID: 198000011485904942, guid: 54b675d5f2989b94e99fef50f523abc0,
        type: 3}
      propertyPath: InitialModule.startSizeY.minMaxState
      value: 3
      objectReference: {fileID: 0}
    - target: {fileID: 198000011485904942, guid: 54b675d5f2989b94e99fef50f523abc0,
        type: 3}
      propertyPath: InitialModule.startSizeZ.minMaxState
      value: 3
      objectReference: {fileID: 0}
    - target: {fileID: 198000011485904942, guid: 54b675d5f2989b94e99fef50f523abc0,
        type: 3}
      propertyPath: InitialModule.startRotationX.minMaxState
      value: 3
      objectReference: {fileID: 0}
    - target: {fileID: 198000011485904942, guid: 54b675d5f2989b94e99fef50f523abc0,
        type: 3}
      propertyPath: InitialModule.startRotationY.minMaxState
      value: 3
      objectReference: {fileID: 0}
    - target: {fileID: 199000011211282688, guid: 54b675d5f2989b94e99fef50f523abc0,
        type: 3}
      propertyPath: m_Materials.Array.size
      value: 1
      objectReference: {fileID: 0}
    - target: {fileID: 199000012815543768, guid: 54b675d5f2989b94e99fef50f523abc0,
        type: 3}
      propertyPath: m_Materials.Array.size
      value: 1
      objectReference: {fileID: 0}
    m_RemovedComponents: []
  m_SourcePrefab: {fileID: 100100000, guid: 54b675d5f2989b94e99fef50f523abc0, type: 3}
--- !u!4 &6724542130525533579 stripped
Transform:
  m_CorrespondingSourceObject: {fileID: 4000013342018400, guid: 54b675d5f2989b94e99fef50f523abc0,
    type: 3}
  m_PrefabInstance: {fileID: 6727369097900097259}
  m_PrefabAsset: {fileID: 0}
--- !u!1001 &7054840948077724336
PrefabInstance:
  m_ObjectHideFlags: 0
  serializedVersion: 2
  m_Modification:
    m_TransformParent: {fileID: 7409644873253784332}
    m_Modifications:
    - target: {fileID: 2059235216360980696, guid: 83d56b45c0d5f46329cbe955f6387e63,
        type: 3}
      propertyPath: m_Name
      value: ExportAndImportLabel
      objectReference: {fileID: 0}
    - target: {fileID: 2059235216360980699, guid: 83d56b45c0d5f46329cbe955f6387e63,
        type: 3}
      propertyPath: m_RootOrder
      value: 6
      objectReference: {fileID: 0}
    - target: {fileID: 2059235216360980699, guid: 83d56b45c0d5f46329cbe955f6387e63,
        type: 3}
      propertyPath: m_LocalScale.y
      value: 4.9999995
      objectReference: {fileID: 0}
    - target: {fileID: 2059235216360980699, guid: 83d56b45c0d5f46329cbe955f6387e63,
        type: 3}
      propertyPath: m_LocalPosition.x
      value: -10.67
      objectReference: {fileID: 0}
    - target: {fileID: 2059235216360980699, guid: 83d56b45c0d5f46329cbe955f6387e63,
        type: 3}
      propertyPath: m_LocalPosition.y
      value: 0.2
      objectReference: {fileID: 0}
    - target: {fileID: 2059235216360980699, guid: 83d56b45c0d5f46329cbe955f6387e63,
        type: 3}
      propertyPath: m_LocalPosition.z
      value: 0.1
      objectReference: {fileID: 0}
    - target: {fileID: 2059235216360980699, guid: 83d56b45c0d5f46329cbe955f6387e63,
        type: 3}
      propertyPath: m_LocalRotation.w
      value: 0.5
      objectReference: {fileID: 0}
    - target: {fileID: 2059235216360980699, guid: 83d56b45c0d5f46329cbe955f6387e63,
        type: 3}
      propertyPath: m_LocalRotation.x
      value: 0.5
      objectReference: {fileID: 0}
    - target: {fileID: 2059235216360980699, guid: 83d56b45c0d5f46329cbe955f6387e63,
        type: 3}
      propertyPath: m_LocalRotation.y
      value: 0.5
      objectReference: {fileID: 0}
    - target: {fileID: 2059235216360980699, guid: 83d56b45c0d5f46329cbe955f6387e63,
        type: 3}
      propertyPath: m_LocalRotation.z
      value: -0.5
      objectReference: {fileID: 0}
    - target: {fileID: 2059235216360980699, guid: 83d56b45c0d5f46329cbe955f6387e63,
        type: 3}
      propertyPath: m_LocalEulerAnglesHint.x
      value: 90
      objectReference: {fileID: 0}
    - target: {fileID: 2059235216360980699, guid: 83d56b45c0d5f46329cbe955f6387e63,
        type: 3}
      propertyPath: m_LocalEulerAnglesHint.y
      value: 90
      objectReference: {fileID: 0}
    - target: {fileID: 2059235216360980699, guid: 83d56b45c0d5f46329cbe955f6387e63,
        type: 3}
      propertyPath: m_LocalEulerAnglesHint.z
      value: 0
      objectReference: {fileID: 0}
    m_RemovedComponents: []
  m_SourcePrefab: {fileID: 100100000, guid: 83d56b45c0d5f46329cbe955f6387e63, type: 3}
--- !u!4 &9039863486270030443 stripped
Transform:
  m_CorrespondingSourceObject: {fileID: 2059235216360980699, guid: 83d56b45c0d5f46329cbe955f6387e63,
    type: 3}
  m_PrefabInstance: {fileID: 7054840948077724336}
  m_PrefabAsset: {fileID: 0}
